@book{morris_kline_pensamiento_1972,
	address = {New York},
	title = {El pensamiento matemático de la antiguedad a nuestros días},
	publisher = {Oxford University Press},
	author = {{Morris Kline}},
	year = {1972},
	keywords = {mathematics}
}

@book{tnumprincip_2004,
    title = {Teoría de números para principiantes},
    author = {Luis Rafael Jiménez Becerra},
    year = {2004},
    isbn = {9789587013726}
}

@book{patino_duque_1977,
	address = {Medellín Colombia},
	title = {Fundamentos de matemática superior moderna},
	publisher = {Editorial Bedout},
	author = {Patiño Gustavo},
	year = {1977},
	keywords = {mathematics}
}

@book{brink_1933,
	address = {New York},
	title = {College Algebra},
	publisher = {Appleton-Century-Crofts},
	author = {Brink Raymond},
	year = {1933},
	keywords = {mathematics}
}