@book{gautier_y_montenegro_2006,
	address = {Bogotá},
	title = {Introducción a los números pseudoprimos},
	publisher = {Universidad de los Andes},
	author = {{Gauthier, Umaña} y {Montenegro, Escobar}},
	year = {2006},
	keywords = {mathematics}
}