@book{rubiano2004,
	address = {Bogotá},
	title = {Teoría de Números para principiantes},
	publisher = {Universidad Nacional de Colombia},
	author = {{Jimenez Luis,} {Gordillo Jorge y} {Rubiano Gustavo}},
	year = {2004},
	keywords = {mathematics}
}