@book{andrew_s_2019,
	title = {Sums of three cubes},
	author = {Andrew V. Sutherland},
	year = {2019},
	url={http://math.mit.edu/~drew/Waterloo2019.pdf}
}

@book{tnumprincip_2004,
    title = {Teoría de números para principiantes},
    author = {Luis Rafael Jiménez Becerra},
    year = {2004},
    isbn = {9789587013726}
}

@book{Bjorn,
	title = {Undecidability in Number Theory},
	author = {Bjorn Poonen},
	year = {2008},
	publisher={Notices Amer. Math},
	url={http://www-math.mit.edu/~poonen/papers/h10_notices.pdf}
}

@book{morris_kline_pensamiento_1972,
	address = {New York},
	title = {El pensamiento matemático de la antiguedad a nuestros días},
	publisher = {Oxford University Press},
	author = {{Morris Kline}},
	year = {1972},
	keywords = {mathematics}
}

@book{Crackingtheproblemwith33SpringerL,
	title = {Cracking the problem with 33},
	url = {https://doi.org/10.1007/s40993-019-0162-1},
	urldate = {2019-11-25},
	author = {Andrew R. Brooker},
	year = {2019}
}