@book{tnumprincip_2004,
    title = {Teoría de números para principiantes},
    author = {Luis Rafael Jiménez Becerra},
    year = {2004},
    isbn = {9789587013726}
}