@incollection{walter_mora_numeros_2014,
	edition = {1},
	title = {Números {Poligonales} y {Piramidales}.},
	isbn = {978-9968-641-11-1},
	booktitle = {Introducción a la teoría de números},
	publisher = {Revista Digital Matemática, educación e internet},
	author = {{Walter Mora}},
	year = {2014},
	keywords = {number theory},
	pages = {7--10}
}

@misc{weisstein_eric_w_figurate_nodate,
	title = {Figurate {Number}},
	url = {http://mathworld.wolfram.com/FigurateNumber.html},
	journal = {Wolfram MathWorld},
	author = {{Weisstein, Eric W}},
	keywords = {number theory}
}